@article{aliyu2013comparative,
  title={A Comparative Analysis of Sorting Algorithms on Integer and Character Arrays},
  author={Aliyu, Ahmed M. and Zirra, Dr P. B.},
  journal={The International Journal of Engineering and Science (IJES)},
  volume={2},
  number={7},
  year={2013}
}