@book{Cormen:2009:IAT,
 title = {Introduction to Algorithms, 3rd Edition}, 
 author = "Cormen, Thomas H. and Leiserson, Charles E. and Rivest, Ronald L. and Stein, Clifford",
 year = {2009},
 publisher = {The MIT Press},
}