@book{Bachmann:1894:Analytische,
  title={Die Analytische Zahlentheorie, 2nd Version},
  author={Bachmann, Paul},
  year={1894},
  publisher={Leipzig B. G. Teubner}
}
