@book{Knuth:1998:Vol3,
 author = {Knuth, Donald Ervin},
 title = {The Art of Computer Programming, Volume 3: Sorting and Searching, 2nd Edition},
 year = {1998},
 publisher = {Addison Wesley Longman Publishing Co., Inc.},
 address = {Redwood City, CA, USA},
}