@article{chhajed2013comparison,
  title={A comparison based analysis of four different types of sorting algorithms in data structures with their performances},
  author={Chhajed, Nidhi and Uddin, Imran and Bhatia, Simarjeet Singh},
  journal={International Journal of Advance Research in Computer Science and Software Engineering},
  volume={3},
  number={2},
  year={2013}
}