@article{alnihoud2010enhancement,
  title={An Enhancement of Major Sorting Algorithms.},
  author={Alnihoud, Jehad and Mansi, Rami},
  journal={Int. Arab J. Inf. Technol.},
  volume={7},
  number={1},
  year={2010}
}