@article{kumar2013empirical,
  title={Empirical Study of Complexity Graphs for Sorting Algorithms},
  author={Kumar, Gaurav and Ghugh, H.},
  journal={International Journal of Computer, Communication and Information Technology (IJCCIT)},
  volume={1},
  number={1},
  year={2013}
}